<?xml version="1.0" encoding="UTF-8"?><record xmlns="http://www.loc.gov/MARC21/slim" xmlns:cinclude="http://apache.org/cocoon/include/1.0" xmlns:zs="http://www.loc.gov/zing/srw/">
  <leader>00594cz  a2200133n  4500</leader>
  <controlfield tag="001">n 2001072175</controlfield>
  <controlfield tag="003">DLC</controlfield>
  <controlfield tag="005">20120815075127.0</controlfield>
  <controlfield tag="008">011204n| acannaabn           n aaa      </controlfield>
  <datafield tag="010" ind1=" " ind2=" ">
    <subfield code="a">n 2001072175</subfield>
  </datafield>
  <datafield tag="040" ind1=" " ind2=" ">
    <subfield code="a">DLC</subfield>
    <subfield code="b">eng</subfield>
    <subfield code="c">DLC</subfield>
    <subfield code="d">DLC</subfield>
  </datafield>
  <datafield tag="100" ind1="1" ind2=" ">
    <subfield code="a">Paepke, Max,</subfield>
    <subfield code="c">Mrs.</subfield>
  </datafield>
  <datafield tag="667" ind1=" " ind2=" ">
    <subfield code="a">THIS 1XX FIELD CANNOT BE USED UNDER RDA UNTIL THIS RECORD HAS BEEN REVIEWED AND/OR UPDATED</subfield>
  </datafield>
  <datafield tag="670" ind1=" " ind2=" ">
    <subfield code="a">NUCMC data from Chicago Symphony Orchestra, Rosenthal Archives for Thomas Concert Class. Concert class diaries, 1910-1916</subfield>
    <subfield code="b">(Mrs. Max Paepke; member of Thomas Concert Class (1910-1916), a music club based in Evanston, Ill.)</subfield>
  </datafield>
</record>